\begin{thebibliography}{99}

\bibitem{book} R.M. Martin, L. Reining, and D. M. Ceperley, {\em Interacting Electrons}, Cambridge  University Press, Cambridge (2016).

\bibitem{Perdew} J.P. Perdew, Int. J. Quantum Chem. Symp. {\bf 19}, 497 (1986).

\bibitem{rev1} W. M. C. Foulkes, L. Mitas, R. J. Needs, and G. Rajagopal,
Rev. Mod. Phys. {\bf 73}, 33 (2001).

\bibitem{rev2} J. Koloren{\v{c}} and L. Mitas, Rep. Prog. Phys. {\bf 74}, 026502 (2011).

\bibitem{rev3} L. K. Wagner and D. M. Ceperley, Rep. Prog. Phys. {\bf 79}, 094501 (2016).

\bibitem{Ruggeri18} M. Ruggeri, P. L{\'o}pez R{\'i}os, and A. Alavi,
Phys. Rev. B {\bf 98}, 161105(R) (2018).

\bibitem{Shepherd13} J.J. Shepherd and A. Gr{\"u}neis,
Phys. Rev. Lett. {\bf 110}, 226401 (2013).

\bibitem{Gruber18} T. Gruber, K. Liao, T. Tsatsoulis, F. Hummel, and A. Gr{\"u}neis,
Phys. Rev. X {\bf 8}, 021043 (2018).

\bibitem{Kent98} P.R.C. Kent, R.Q. Hood, M.D. Towler, R.J. Needs, and G. Rajagopal, 
Phys. Rev. B {\bf 57}, 15293 (1998).

\bibitem{Kent99} P.R.C. Kent, R.Q. Hood, A.J. Williamson, R.J. Needs, W.M.C. Foulkes, and G. Rajagopal
Phys. Rev. B {\bf 59}, 1917 (1999).

\bibitem{Mitra15}  C. Mitra, J. T. Krogel, J. A. Santana, and F. A. Reboredoa, J. Chem. Phys. {\bf 143}, 164710 (2015).

\bibitem{McMinis15} J. McMinis, M. A. Morales, D. M. Ceperley, and J. Kim, J. Chem. Phys. {\bf 143}, 194703 (2015).

\bibitem{Payne} G. Makov and M.C. Payne, Phys. Rev. B {\bf 51}, 4014 (1995).

\bibitem{Engel} G.E. Engel, Y. Kwon, and R.M. Martin, Phys. Rev. B {\bf 51}, 13538 (1995).

\bibitem{Williamson98} A.J. Williamson, R.Q. Hood, R.J. Needs, and G. Rajagopal,
Phys. Rev. B {\bf 57}, 12140 (1998).

\bibitem{Mitas94} L. Mitas and R.M. Martin, Phys. Rev. Lett. {\bf 72}, 2438 (1994).

\bibitem{Towler2000} M. D. Towler, R. Q. Hood, and R. J. Needs, Phys. Rev. B {\bf 62}, 2330 (2000).

\bibitem{Ceperley87} D. M. Ceperley and B. J. Alder, Phys. Rev. B {\bf 36}, 2092 (1987).

\bibitem{Kolorenc08} J. Koloren{\v{c}} and L. Mitas, Phys. Rev. Lett. {\bf 101}, 185502 (2008).

\bibitem{Ma13}  F. Ma, S. Zhang, and H. Krakauer, New J. Phys. {\bf 15}, 093017 (2013).


\bibitem{Wagner14} L. K. Wagner and P. Abbamonte,
Phys. Rev. B {\bf 90}, 125129 (2014).

\bibitem{Yu15} J. Yu, L. K. Wagner, and E. Ertekin, J. Chem. Phys. {\bf 143}, 224707 (2015).

\bibitem{Zheng18} H. Zheng and L. K. Wagner,
Phys. Rev. Lett. {\bf 114}, 176401 (2015).

\bibitem{Frank19} T. Frank, R. Derian, K. Tok{\'a}r, L. Mitas, J. Fabian, and I. \ifmmode \check{S}\else \v{S}\fi{}tich, Phys. Rev. X {\bf 9}, 011018 (2019).

\bibitem{Hunt} R.J. Hunt, M. Szyniszewski, G.I. Prayogo, R. Maezono, and N.D. Drummond, Phys. Rev. B
{\bf 98}, 075122 (2018).

\bibitem{Foulkes99} W.M.C. Foulkes, R.Q. Hood, and R.J. Needs, Phys. Rev. B {\bf 60}, 4558 (1999).

\bibitem{Azadi2017} S. Azadi, N. D. Drummond, and W.M.C. Foulkes, Phys. Rev. B {\bf 95}, 035142 (2017).

\bibitem{fse} S. Chiesa, D.M. Ceperley, R.M. Martin, and M. Holzmann,
Phys. Rev. Lett. {\bf 97}, 076404 (2006).

\bibitem{finitesize} M. Holzmann, R.C. Clay, III, M. A. Morales, N.M. Tubman, D. M. Ceperley, and C. Pierleoni,
Phys. Rev. B {\bf 94}, 035126 (2016).

\bibitem{Lin01} C. Lin, F.-H. Zong, and D. M. Ceperley, Phys. Rev. E {\bf 64}, 016702 (2001).

\bibitem{Nozieres} D. Pines and P. Nozi{\`e}res, {\em The Theory of Quantum Liquids}, vol I, 
Addison-Wesley, Redwood City, CA (1989).

\bibitem{nbody} M. Holzmann, B. Bernu, and D.M. Ceperley,
Phys. Rev. B {\bf 74}, 104510 (2006).

\bibitem{Kohn58} W. Kohn, Phys. Rev. {\bf 110}, 857 (1958).

\bibitem{Kohn57} W. Kohn, Phys. Rev. {\bf 105}, 509 (1957).

\bibitem{Ewald}  P.P. Ewald, Ann. Phys. {\bf 64}, 253  (1921).

\bibitem{footnote} We can adapt the proof of Kohn \cite{Kohn58}
 by noting that 
the extra particle (hole) propagator does not interact with the other particles before $t=0$.
The equivalent graphs of class I contribute with $\pm 1$ for particle and hole excitations,
the equivalent graphs of class IIA remain, contributing $\pm (1/\epsilon -1)/2$, whereas graphs of
class IIB are absent.

\bibitem{supp} See Supplemental Material at [URL] for diagrammatic proof and QMC data.

\bibitem{Holzmann2003} M. Holzmann, D. M. Ceperley, C. Pierleoni, and K. Esler, Phys. Rev. E {\bf68} 046707 (2003).

\bibitem{Trial} C. Pierleoni, K.T. Delaney, M.A. Morales, D.M. Ceperley, and M. Holzmann,
Comp. Phys. Comm. {\bf 179}, 89 (2008).

\bibitem{QE2009} P. Giannozzi, S. Baroni, N. Bonini, M. Calandra, R. Car, C. Cavazzoni, D. Ceresoli, G. L. Chiarotti, M. Cococcioni, I. Dabo, A. Dal Corso, S. Fabris, G. Fratesi, S. de Gironcoli, R. Gebauer, U. Gerstmann, C. Gougoussis, A. Kokalj, M. Lazzeri, L. Martin-Samos, N. Marzari, F. Mauri, R. Mazzarello, S. Paolini, A. Pasquarello, L. Paulatto, C. Sbraccia, S. Scandolo, G. Sclauzero, A. P. Seitsonen, A. Smogunov, P. Umari, R. M. Wentzcovitch, J. Phys.: Condens. Matter {\bf21}, 395502 (2009).

\bibitem{QE2017} P Giannozzi, O Andreussi, T Brumme, O Bunau, M Buongiorno Nardelli, M Calandra, R Car, C Cavazzoni, D Ceresoli, M Cococcioni, N Colonna, I Carnimeo, A Dal Corso, S de Gironcoli, P Delugas, R A DiStasio Jr, A Ferretti, A Floris, G Fratesi, G Fugallo, R Gebauer, U Gerstmann, F Giustino, T Gorni, J Jia, M Kawamura, H-Y Ko, A Kokalj, E K\"{u}\c{c}\"{u}kbenli, M Lazzeri, M Marsili, N Marzari, F Mauri, N L Nguyen, H-V Nguyen, A Otero-de-la-Roza, L Paulatto, S Ponc\'{e}, D Rocca, R Sabatini, B Santra, M Schlipf, A P Seitsonen, A Smogunov, I Timrov, T Thonhauser, P Umari, N Vast, X Wu and S Baroni, J. Phys.: Condens. Matter {\bf29}, 465901 (2017).

\bibitem{Morales2012} M.A. Morales, R. Clay, C. Pierleoni, D.M. Ceperley, Entropy, {\bf 16}, 287 (2014).

\bibitem{Pierleoni2016} C. Pierleoni, M.A. Morales, G. Rillo, M. Holzmann, and D.M. Ceperley, Proc. Nat. Acad. Sc. {\bf 113}, 4953 (2016).

\bibitem{Pickard2007} C. J. Pickard, R. J. Needs, Nat. Phys. {\bf3}, 473-476 (2007).

\bibitem{BOPIMC} C. Pierleoni and D.M. Ceperley,
 Lecture Notes in Physics {\bf 703}, 641 (2006).

\bibitem{QMCPACK} J. Kim, A. D. Baczewski, T. D. Beaudet, A. Benali, M. C. Bennett, M. A. Berrill, N. S. Blunt, E. J. L. Borda, M. Casula, D. M. Ceperley, S. Chiesa, B. K. Clark, R. C. Clay III, K. T. Delaney, M. Dewing, K. P. Esler, H. Hao, O. Heinonen, P. R. C. Kent, J. T. Krogel, I. Kyl\"{a}np\"{a}\"{a}, Y. W. Li, M. G. Lopez, Y. Luo, F. D. Malone, R. M. Martin, A. Mathuriya, J. McMinis, C. A. Melton, L. Mitas, M. A. Morales, E. Neuscamman, W. D. Parker, S. D. P. Flores, N. A. Romero, B. M. Rubenstein, J. A. R. Shea, H. Shin, L. Shulenburger, A. F. Tillack, J. P. Townsend, N. M. Tubman, B. Van Der Goetz, J. E. Vincent, D. C. Yang, Y. Yang, S. Zhang and L. Zhao,
J. Phys. Condens. Matter, {\bf30} 195901 (2018).

\bibitem{Burkatzki2007} M. Burkatzki, C. Filippi,  and M. Dolg, J. Chem. Phys. {\bf126}, 234105 (2007).

\bibitem{Trail2005} J. R. Trail, and R. J. Needs, J. Chem. Phys. {\bf122}, 174109 (2005).

\bibitem{BrillouinFootnote} The reciprocal space information is not lost. By keeping track of the
Bloch momentum of the states we can determine the locations of the HOMO and LUMO, but that has not been done here.

\bibitem{BFN} M. Ruggeri, S. Moroni, and M. Holzmann,
Phys. Rev. Lett. {\bf 120}, 205302 (2018).

\bibitem{orbitalbf} M. Holzmann and S. Moroni,
Phys. Rev. B {\bf 99}, 085121 (2019).

\bibitem{Zhao19} L. Zhao and E. Neuscamman,
Phys. Rev. Lett. {\bf 123}, 036402 (2019).

\bibitem{GomezAbal08} R. G{\'o}mez-Abal, X. Li, M. Scheffler, and C. Ambrosch-Draxl, Phys. Rev. Lett. {\bf 101}, 106404 (2008).

\bibitem{Wu02} W. Ku and A. G. Eguiluz, Phys. Rev. Lett. {\bf 89}, 126401 (2002).

\bibitem{Giustino10} F. Giustino, S.G. Louie, and M.L. Cohen, Phys. Rev. Lett. {\bf 105}, 265501 (2010).

\bibitem{Monserrat14} B. Monserrat and R.J. Needs, Phys. Rev. B {\bf 89}, 214304 (2014).

\bibitem{Lautenschlager85} P. Lautenschlager, P.B. Allen, and M. Cardona, Phys. Rev. B {\bf 31},
2163 (1985).

\bibitem{Monserrat2014} B. Monserrat, G. J. Conduit, and R. J. Needs, Phys. Rev. B {\bf 90}, 184302 (2014).

\bibitem{Clark1963} C. Clark, P. J. Dean, and P. V. Harris, Proc. R. Soc. London. Ser. A. Math. Phys. Sci. {\bf 277}, 312--329 (1963).

\bibitem{Monserrat2016} B. Monserrat, Phys. Rev. B {\bf 93}, 100301(R) (2016).

\bibitem{Logothetidis1986} S. Logothetidis, P. Lautenschlager, and M. Cardona, Phys. Rev. B {\bf 33}, 1110--1117 (1986).

\bibitem{Lebegue2012} S. Lebegue, C. M. Araujo, D. Y. Kim, M. Ramzan, H. Mao, and R. Ahuja,  Proc. Nat. Acad. Sc. {\bf 109} 9766, (2012).

\bibitem{McMinis2015} J. McMinis, R. C. Clay, D. Lee, and M. A. Morales, Phys. Rev. Letts. {\bf 114}, 105305 (2015).

\bibitem{Clay2014} R. C. Clay, III, J. McMinis, J. M. McMahon, C. Pierleoni, D. M. Ceperley, and M. A. Morales, Phys. Rev. B {\bf89}, 184106 (2014).

\bibitem{Gorelov2019} V. Gorelov, M. Holzmann, D. M. Ceperley, and C. Pierleoni, arXiv: 1911.06135.

\bibitem{exp} O. Madelung, M. Schulz, and H. Weiss, Intrinsic
Properties of Group IV Elements and III-V, II-VI and
I-VII Compounds, Landolt-B\"{o}rnstein, New Series, Group
%I-VII Compounds, Landolt-BÃ¶rnstein, New Series, Group
III/22A (Springer-Verlag, New York, 1987).

%    following references are not included in the main text at the moment
\begin{comment}
\bibitem{Singh1981} K. Singh, Ann. Stat. {\bf9} 1187-1195 (1981).

\bibitem{Mostaani16} E. Mostaani, B. Monserrat, N.D. Drummond, and C.J. Lambert, Phys. Chem. Chem. Phys. {\bf 18}, 14810 (2016).

\bibitem{Onida} G. Onida, L. Reining, and A. Rubio,
Rev. Mod. Phys. {\bf 74}, 601 (2002).
\end{comment}

\end{thebibliography}