@article{Drummond2015data,
  author = {Drummond, N. D. and Monserrat, B. and Lloyd-Williams, J. H. and Lopez Rios, P., and Pickard, C. J. and Needs, R. J.},
  title = {Data for "Quantum Monte Carlo study of the phase diagram of solid molecular hydrogen at extreme pressures"},
  journal = {Nat. Commun.},
  url = {https://www.repository.cam.ac.uk/handle/1810/248864},
  publisher = {University of Cambridge},
  doi = {10.1038/ncomms8794},
  month = {nov},
  number = {1},
  pages = {7794},
  volume = {6},
  year = {2015}
}