@book{Szabo1996,
author = {Szabo, A. and Ostlund, N. S.},
title = {Modern quantum chemistry : introduction to advanced electronic structure theory},
year = {1996},
publisher = {Dover Publications},
location = {Minelola, N. Y.},
}
@book{Parr1989,
author = {Parr, R. G. and Yang, W.},
title = {Density-Functional Theory of Atoms and Molecules},
year = {1989},
publisher = {Oxford University Press},
location = {New York, NY},
}